%%%%%%%%%%%%%%%%%%%%%%%%%%%
%
% $Autor: Wings $
% $Datum: 2016-12-06 10:40:45Z $
% $Pfad: Math3/Skript/Produktspezifikation/Powerpoint/chapter04b.tex $
% $Version: 2839 $
%
%%%%%%%%%%%%%%%%%%%%%%%%%%%

% Strings
@string{jCAGD = "Computer Aided Geometric Design"}
@string{jCAD = "Computer Aided Design"}
% Encoding: UTF-8

%preamble{
%\AtEveryBibitem{\clearfield{note}}
%}%


% BibTeX Entries


%%%%%%%%%%%%%%%%%%%%%%%%%%%%%%%%%%%%%%
%  A
%%%%%%%%%%%%%%%%%%%%%%%%%%%%%%%%%%%%%%



@misc{PlattformI40:WhatIsIndustrie40,
	title        = {What is Industrie 4.0?},
	author       = {{Plattform Industrie 4.0}},
	howpublished = {\url{https://www.plattform-i40.de/IP/Navigation/EN/Industrie40/WhatIsIndustrie40/what-is-industrie40.html}},
	note         = {Accessed: 2025-09-02}
}

@misc{HaiTechLasers:MasterGuideLaserEngraving,
	title        = {Master Guide to Laser Engraving},
	author       = {{Hai Tech Lasers}},
	howpublished = {\url{https://www.haitechlasers.com/master-guide-to-laser-engraving/?utm_source=chatgpt.com}},
	note         = {Accessed: 2025-09-02}
}

@misc{FacFox:10TipsLaserEngravingCutting,
	title        = {10 Tips and Tricks for Laser Engraving and Cutting},
	author       = {{FacFox Docs}},
	howpublished = {\url{https://facfox.com/docs/kb/10-tips-and-tricks-for-laser-engraving-and-cutting?utm_source=chatgpt.com}},
	note         = {Last modified: 2021-06-16; Accessed: 2025-09-02}
}
@misc{OneLaser:RasterVsVectorEngraving,
	title        = {Raster Engraving vs. Vector Engraving: What Are the Differences?},
	author       = {George Bradford},
	howpublished = {\url{https://www.1laser.com/blogs/topic/raster-engraving-vs-vector-engraving?srsltid=AfmBOopObPjTz0OCyaZ29_ABSy8wsGtJc6pdO15sTH3tAGkONEjZBLrf&utm_source=chatgpt.com}},
	note         = {Updated on January 15, 2025; Accessed: 2025-09-02}
}
@misc{CNCSourced:RasterVsVectorEngravingGuide,
	title        = {Raster vs Vector Engraving: When To Use Each Type},
	author       = {Leo Watts},
	howpublished = {\url{https://www.cncsourced.com/guides/raster-vs-vector-engraing/?utm_source=chatgpt.com}},
	note         = {Written: October 30, 2023; Accessed: 2025-09-02}
}

@misc{xTool:RasterVsVectorEngraving,
	title        = {Raster Engraving vs. Vector Engraving: What's the Difference?},
	author       = {Winnie Li},
	howpublished = {\url{https://www.xtool.com/blogs/xtool-academy/raster-vs-vector-engraving?srsltid=AfmBOoopZH-YV-Lq71lr2l-qO0SMW1vPEgye0OK2Y22KFr3EjRasE-88&utm_source=chatgpt.com}},
	note         = {Updated on October 22, 2024; Accessed: 2025-09-02}
}

@article{MadanKumar:BusinessCardOCR2019,
	author       = {C. Madan Kumar and M. Brindha},
	title        = {Text Extraction from Business Cards and Classification of Extracted Text Into Predefined Classes},
	journal      = {International Journal of Computational Intelligence \& IoT},
	volume       = {2},
	number       = {3},
	year         = {2019},
	note         = {Available at SSRN},
	url          = {https://ssrn.com/abstract=3358293},
	accessed     = {2025-09-02}
}

@misc{Wikipedia:DocumentLayoutAnalysis,
	author       = {{Wikipedia contributors}},
	title        = {Document Layout Analysis},
	howpublished = {\url{https://en.wikipedia.org/wiki/Document_layout_analysis?utm_source=chatgpt.com}},
	note         = {Accessed: 2025-09-02}
}

@misc{StarVector:Arxiv2312.11556v4,
	author       = {Yuxin Chen and Yiheng Xu and Minghao Li and Lei Cui and Shaohan Huang and Furu Wei and Ming Zhou},
	title        = {StarVector: Generating Scalable Vector Graphics Code from Images and Text},
	howpublished = {arXiv preprint arXiv:2312.11556v4},
	year         = {2023},
	note         = {Version 4; Accessed: 2025-09-02},
	url          = {https://arxiv.org/html/2312.11556v4?utm_source=chatgpt.com}
}

@article{Yang:SVGtoGcode2021,
	author       = {Kuo-pao Yang and Ghassan Alkadi and Terry Parker},
	title        = {Converting Scalable Vector Graphics (SVG) to G-code for Three-Dimensional Printers},
	journal      = {International Journal of Scientific Engineering and Science},
	volume       = {5},
	number       = {4},
	pages        = {36--39},
	year         = {2021},
	note         = {Available via Academia.edu},
	url          = {https://www.academia.edu/50006276/Converting_SVG_to_G_code_for_3D_Printers?utm_source=chatgpt.com},
	accessed     = {2025-09-02}
}

@misc{Chase:ThinkAboutAgentFrameworks2025,
	author       = {Harrison Chase},
	title        = {How to Think About Agent Frameworks},
	howpublished = {\url{https://blog.langchain.com/how-to-think-about-agent-frameworks/?utm_source=chatgpt.com}},
	note         = {Published: April 20, 2025; Accessed: 2025-09-02}
}

@misc{LangChain:LangGraph2025,
	author       = {{LangChain}},
	title        = {LangGraph},
	howpublished = {\url{https://www.langchain.com/langgraph?utm_source=chatgpt.com}},
	note         = {Accessed: 2025-09-02}
}

@misc{Honchar:PipelineOfAgents2025,
	author       = {Vitalii Honchar},
	title        = {Pipeline of Agents Pattern: Building Maintainable AI Workflows with LangGraph},
	howpublished = {\url{https://vitaliihonchar.com/insights/how-to-build-pipeline-of-agents?utm_source=chatgpt.com}},
	note         = {Published: July 8, 2025; Accessed: 2025-09-02}
}
